<?xml version="1.0" encoding="UTF-8"?><collection xmlns="http://www.loc.gov/MARC21/slim"><record><leader>00448nam--2200157-i-4500</leader><controlfield tag="001">000020342</controlfield><controlfield tag="002">20161230</controlfield><controlfield tag="005">20170103005007</controlfield><controlfield tag="008">060222s1000------------r-----000-0-eng-d</controlfield><datafield ind1=" " ind2=" " tag="080"><subfield code="a">681.327.63</subfield></datafield><datafield ind1=" " ind2=" " tag="100"><subfield code="a">Geber, Toma</subfield></datafield><datafield ind1=" " ind2=" " tag="245"><subfield code="a">Echipamente periferice. Tipuri si caracteristici.discuri specializate. Conectare. Videoterminale</subfield></datafield><datafield ind1=" " ind2=" " tag="260"><subfield code="a">Bucuresti</subfield><subfield code="b">Editura Tehnica</subfield><subfield code="c">1986</subfield></datafield><datafield ind1=" " ind2=" " tag="300"><subfield code="a">260 p</subfield></datafield><datafield ind1=" " ind2=" " tag="852"><subfield code="a">49402</subfield></datafield><datafield ind1=" " ind2=" " tag="CAT"><subfield code="a">SYS</subfield><subfield code="c">20170103</subfield><subfield code="h">005007</subfield></datafield></record></collection>